
@misc{why_coyim,
	type = {Blog},
	title = {{CoyIM} {\textbar} {Cliente} de chat seguro y confiable},
	url = {https://coy.im/es/coyim/why-created/introduction/2022/02/07/why-was-coyim-created-overview.html},
	abstract = {CoyIM es un nuevo cliente de chat, privado y seguro por defecto. Sin ajustes que cambiar, sin plugins que instalar, sin cambiar la configuraci√≥n de tu computador.},
	language = {es},
	urldate = {2022-09-01},
	journal = {CoyIM},
	file = {Snapshot:/home/fausto/Zotero/storage/M7CZHCS6/why-was-coyim-created-overview.html:text/html},
}
